@Article{Zuend2008,
AUTHOR = {Zuend, A. and Marcolli, C. and Luo, B. P. and Peter, T.},
TITLE = {A thermodynamic model of mixed organic-inorganic aerosols to predict activity coefficients},
JOURNAL = {Atmospheric Chemistry and Physics},
VOLUME = {8},
YEAR = {2008},
NUMBER = {16},
PAGES = {4559--4593},
URL = {https://www.atmos-chem-phys.net/8/4559/2008/},
DOI = {10.5194/acp-8-4559-2008}
}

@article{Topping2009,
author = {Topping, D. and Lowe, D. and McFiggans, G.},
doi = {10.5194/gmd-5-1-2012},
isbn = {1991-959X},
issn = {1991959X},
journal = {Journal of Geophysical Research},
keywords = {PartMC references,aerosol particles,doi:10.1029/2008JD010099,http://dx.doi.org/10.1029/2008JD010099,inorganic,thermodynamics},
number = {D04304},
pages = {1--13},
title = {Partial Derivative Fitted Taylor Expansion: An efficient method for calculating gas-liquid equilibria in atmospheric aerosol particles: 1. Inorganic compounds},
volume = {114},
year = {2009}
}

@article{Pankow2008,
author = {Pankow, J. F. and Asher, W. E.},
doi = {10.5194/acp-8-2773-2008},
issn = {1680-7324},
journal = {Atmospheric Chemistry and Physics},
keywords = {PartMC references},
month = {may},
number = {10},
pages = {2773--2796},
title = {SIMPOL.1: A simple group contribution method for predicting vapor pressures and enthalpies of vaporization of multifunctional organic compounds},
url = {http://www.atmos-chem-phys.net/8/2773/2008/},
volume = {8},
year = {2008}
}

@Article{jockel2005,
AUTHOR = {J\"ockel, P. and Sander, R. and Kerkweg, A. and Tost, H. and Lelieveld, J.},
TITLE = {Technical Note: The Modular Earth Submodel System (MESSy) - a new approach towards Earth System Modeling},
JOURNAL = {Atmospheric Chemistry and Physics},
VOLUME = {5},
YEAR = {2005},
NUMBER = {2},
PAGES = {433--444},
URL = {https://www.atmos-chem-phys.net/5/433/2005/},
DOI = {10.5194/acp-5-433-2005}
}

@article{Fierce2017,
  title =	 {Toward reduced representation of mixing state for
                  simulating aerosol effects on climate},
  author =	 {Fierce, Laura and Riemer, Nicole and Bond, Tami C},
  journal =	 {Bulletin of the American Meteorological Society},
  volume =	 98,
  number =	 5,
  pages =	 {971--980},
  year =	 2017
}

@article{poschl2015,
  title={},
  author={Poschl, Ulrich and Shiraiwa, Manubu},
  journal={Chemical Reviews},
  volume={115},
  pages={4440--4475},
  year={2015}
}

@article{Moffet2016,
  title =	 {Morphology and mixing of black carbon particles
                  collected in central {C}alifornia during the {CARES}
                  field study},
  author =	 {Moffet, Ryan C and O'Brien, Rachel E and Alpert,
                  Peter A and Kelly, Stephen T and Pham, Don Q and
                  Gilles, Mary K and Knopf, Daniel A and Laskin,
                  Alexander},
  journal =	 {Atmospheric Chemistry and Physics},
  volume =	 16,
  number =	 22,
  pages =	 {14515--14525},
  year =	 2016,
  publisher =	 {Copernicus GmbH}
}
@article{Winkler1973,
  title =	 {The growth of atmospheric aerosol particles as a
                  function of the relative humidity---{II.} {A}n
                  improved concept of mixed nuclei},
  author =	 {Winkler, Peter},
  journal =	 {Journal of Aerosol Science},
  volume =	 4,
  number =	 5,
  pages =	 {373--387},
  year =	 1973,
  publisher =	 {Elsevier}
}
@article{Riemer2013,
  title =	 {Quantifying aerosol mixing state with entropy and
                  diversity measures},
  author =	 {Riemer, N and West, M},
  journal =	 {Atmospheric Chemistry and Physics},
  volume =	 13,
  number =	 22,
  pages =	 {11423--11439},
  year =	 2013,
  publisher =	 {Copernicus GmbH}
}


@article{Deville2019,
  title={Convergence of a generalized Weighted Flow Algorithm for stochastic particle coagulation},
  author={DeVille, Lee and Riemer, Nicole and West, Matthew},
  journal={Journal of Computational Dynamics},
  pages={1--18},
  year={2019}
}
@article{Bondy2018,
  title={The diverse chemical mixing state of aerosol particles in the southeastern United States},
  author={Bondy, Amy L and Bonanno, Daniel and Moffet, Ryan C and Wang, Bingbing and Laskin, Alexander and Ault, Andrew P},
  journal={Atmospheric Chemistry and Physics},
  volume={18},
  number={16},
  pages={12595--12612},
  year={2018},
  publisher={Copernicus GmbH}
}

@article{Riemer2019,
  title={Aerosol Mixing State: Measurements, Modeling, and Impacts},
  author={Riemer, N and Ault, AP and West, M and Craig, RL and Curtis, JH},
  journal={Reviews of Geophysics},
  year={2019},
  publisher={Wiley Online Library}
}

@article{Adachi2010,
  title =	 {Shapes of soot aerosol particles and implications
                  for their effects on climate},
  author =	 {Adachi, Kouji and Chung, Serena H and Buseck, Peter
                  R},
  journal =	 {J. Geophys. Res.},
  volume =	 115,
  number =	 {D15},
  year =	 2010,
  publisher =	 {Wiley Online Library}
}

@Article{Anttila2006,
  author =	 {T. Anttila and A. Kiendler-Scharr and R. Tillmann
                  and Th. F. Mentel},
  title =	 { On the reactive uptake of gaseous compounds by
                  organic-coated aqueous aerosols: Theoretical
                  analysis and application to the heterogeneous
                  hydrolysis of {$\rm N_2O_5$}},
  journal =	 {J. Phys. Chem. A},
  year =	 2006,
  volume =	 35,
  pages =	 {10435-10443},
}

@article{Bauer2008,
  title =	 {{MATRIX} ({Multiconfiguration Aerosol TRacker of
                  mIXing state}): an aerosol microphysical module for
                  global atmospheric models},
  author =	 {Bauer, SE and Wright, DL and Koch, D and Lewis, ER
                  and McGraw, R and Chang, L-S and Schwartz, SE and
                  Ruedy, R},
  journal =	 {Atmos. Chem. Phys.},
  volume =	 8,
  number =	 20,
  pages =	 {6003--6035},
  year =	 2008,
  publisher =	 {Copernicus GmbH}
}

@article{Chang2016,
  title =	 {Evaluating N2O5 heterogeneous hydrolysis
                  parameterizations for CalNex 2010},
  author =	 {Chang, Wayne L and Brown, Steven S and Stutz, Jochen
                  and Middlebrook, Ann M and Bahreini, Roya and
                  Wagner, Nicholas L and Dub{\'e}, William P and
                  Pollack, Ilana B and Ryerson, Thomas B and Riemer,
                  Nicole},
  journal =	 {Journal of Geophysical Research: Atmospheres},
  volume =	 121,
  number =	 9,
  pages =	 {5051--5070},
  year =	 2016,
  publisher =	 {Wiley Online Library}
}

@article{Ching2012,
  title =	 {Impacts of black carbon mixing state on black carbon
                  nucleation scavenging: Insights from a
                  particle-resolved model},
  author =	 {Ching, J and Riemer, N and West, M},
  journal =	 {Journal of Geophysical Research: Atmospheres},
  volume =	 117,
  number =	 {D23},
  year =	 2012,
  publisher =	 {Wiley Online Library}
}

@InCollection{Chylek2000,
  author =	 {{Ch{\'y}lek}, P. and {Videen}, G. and {Geldart},
                  D.~J.~W. and {Dobbie}, J.~S. and {Tso}, H.~C.~W.},
  title =	 {Effective Medium Approximations for Heterogeneous
                  Particles},
  booktitle =	 {Light Scattering by Nonspherical Particles: Theory,
                  Measurements, and Applications},
  year =	 2000,
  editor =	 {{Mishchenko}, M.~I. and {Hovenier}, J.~W. and
                  {Travis}, L.~D.},
  publisher =	 {Elsevier}
}

@article{Curtis2016,
  title =	 {Accelerated simulation of stochastic particle
                  removal processes in particle-resolved aerosol
                  models},
  author =	 {Curtis, J. H. and Michelotti, M. D. and Riemer, N
                  and Heath, M. T. and West, Matthew},
  journal =	 {J. Comput. Phys.},
  volume =	 322,
  pages =	 {21--32},
  year =	 2016,
  publisher =	 {Elsevier}
}

@article{Curtis2017,
  title =	 {A single-column particle-resolved model for
                  simulating the vertical distribution of aerosol
                  mixing state: {WRF-PartMC-MOSAIC-SCM} v1. 0},
  author =	 {Curtis, Jeffrey H and Riemer, Nicole and West,
                  Matthew},
  journal =	 {Geosci. Model Dev.},
  volume =	 10,
  pages =	 4057,
  year =	 2017,
  publisher =	 {Copernicus GmbH}
}

@Unpublished{Curtis2019,
  author =	 {J. Curtis and N. Riemer and M. West},
  title =	 {Development of a three-dimensional particle-resolved
                  regional model {WRF-PartMC} and its application to
                  determine spatial and temporal variations of aerosol
                  mixing state over central {C}alifornia},
  note =	 {in preparation for Atmos. Chem. Phys.},
  year =	 2019,
}

@Article{Deville2011,
  author =	 {R. E. L. DeVille and N. Riemer and M. West},
  title =	 {{W}eighted {F}low {A}lgorithms ({WFA}) for
                  stochastic particle coagulation},
  journal =	 {Journal of Computational Physics},
  year =	 2011,
  volume =	 230,
  number =	 23,
  pages =	 {8427--8451},
}

@article{Fierce2013,
  title =	 {When is cloud condensation nuclei activity sensitive
                  to particle characteristics at emission?},
  author =	 {Fierce, Laura and Riemer, Nicole and Bond, Tami C},
  journal =	 {J. Geophys. Res.},
  volume =	 118,
  year =	 2013,
  pages =	 {13476--13488},
  publisher =	 {Wiley Online Library}
}

@article{Fierce2015,
  title =	 {Explaining variance in black carbon's aging
                  timescale},
  author =	 {Fierce, Laura and Riemer, Nicole and Bond, Tami C},
  journal =	 {Atmos. Chem. Phys.},
  volume =	 15,
  pages =	 {3173--3191},
  year =	 2015,
  publisher =	 {Copernicus GmbH}
}

@article{Fierce2016,
  title =	 {Black carbon absorption at the global scale is
                  affected by particle-scale diversity in composition},
  author =	 {Fierce, Laura and Bond, Tami C and Bauer, Susanne E
                  and Mena, Francisco and Riemer, Nicole},
  journal =	 {Nat. Commun.},
  volume =	 7,
  pages =	 12361,
  year =	 2016,
  publisher =	 {Nature Publishing Group}
}

@Article{Folkers2003,
  author =	 {M. Folkers and Th. F. Mentel and A. Wahner},
  title =	 {Influence of an organic coating on the reactivity of
                  aqueous aerosols probed by the heterogeneous
                  hydrolysis of {$\rm N_2O_5$}},
  journal =	 {Geophys. Res. Lett.},
  year =	 2003,
  volume =	 30,
  pages =	 1644,
  note =	 {10.1029/2003GL017168},
}

@article{Hansen1991,
  title =	 {Vapor-liquid equilibria by UNIFAC group
                  contribution. 5. Revision and extension},
  author =	 {Hansen, Henrik K and Rasmussen, Peter and
                  Fredenslund, Aage and Schiller, Martin and Gmehling,
                  J{\"u}rgen},
  journal =	 {Industrial \& Engineering Chemistry Research},
  volume =	 30,
  number =	 10,
  pages =	 {2352--2355},
  year =	 1991,
  publisher =	 {ACS Publications}
}

@article{Hughes2018,
  title =	 {Machine Learning to Predict the Global Distribution
                  of Aerosol Mixing State Metrics},
  author =	 {Hughes, Michael and Kodros, John K and Pierce,
                  Jeffrey R and West, Matthew and Riemer, Nicole},
  journal =	 {Atmosphere},
  volume =	 9,
  pages =	 15,
  year =	 2018,
  publisher =	 {Multidisciplinary Digital Publishing Institute}
}

@article{Jacobson2002,
  title =	 {Analysis of aerosol interactions with numerical
                  techniques for solving coagulation, nucleation,
                  condensation, dissolution, and reversible chemistry
                  among multiple size distributions},
  author =	 {Jacobson, Mark Z},
  journal =	 {J. Geophys. Res.},
  volume =	 107,
  number =	 {D19},
  year =	 2002,
  publisher =	 {Wiley Online Library}
}

@article{Kahnert2012,
  title =	 {Optical properties of light absorbing carbon
                  aggregates mixed with sulfate: assessment of
                  different model geometries for climate forcing
                  calculations},
  author =	 {Kahnert, Michael and Nousiainen, Timo and Lindqvist,
                  Hannakaisa and Ebert, Martin},
  journal =	 {Optics Express},
  volume =	 20,
  number =	 9,
  pages =	 {10042--10058},
  year =	 2012,
  publisher =	 {Optical Society of America}
}

@article{Kaiser2014,
  title =	 {The {MESSy} aerosol submodel {MADE3} (v2.0b):
                  description and a box model test},
  author =	 {Kaiser, Jan Christopher and Hendricks, Johannes and
                  Righi, Mattia and Riemer, Nicole and Zaveri, Rahul A
                  and Metzger, Swen and Aquila, Valentina},
  journal =	 {Atmos. Chem. Phys.},
  year =	 2014
}

@article{Kleeman2001,
  title =	 {A {3D E}ulerian source-oriented model for an
                  externally mixed aerosol},
  author =	 {Kleeman, Michael J and Cass, Glen R},
  journal =	 {Environ. Sci. Technol.},
  volume =	 35,
  number =	 24,
  pages =	 {4834--4848},
  year =	 2001,
  publisher =	 {ACS Publications}
}

@article{Lesins2002,
  title =	 {A study of internal and external mixing scenarios
                  and its effect on aerosol optical properties and
                  direct radiative forcing},
  author =	 {Lesins, Glen and Ch{\'y}lek, Petr and Lohmann,
                  Ulrike},
  journal =	 {J. Geophys. Res.},
  volume =	 107,
  number =	 {D10},
  year =	 2002,
  publisher =	 {Wiley Online Library}
}

@article{Liu2012,
  title =	 {Toward a minimal representation of aerosols in
                  climate models: Description and evaluation in the
                  {Community Atmosphere Model} {CAM}5},
  author =	 {Liu, Xiaohong and Easter, Richard C and Ghan, Steven
                  J and Zaveri, R and Rasch, P and Shi, Xiangjun and
                  Lamarque, J-F and Gettelman, Andrew and Morrison,
                  Hugh and Vitt, Francis and others},
  journal =	 {Geoscientific Model Development},
  volume =	 5,
  number =	 3,
  pages =	 709,
  year =	 2012
}

@article{Marcolli2005,
  title =	 {Water activity in polyol/water systems: new UNIFAC
                  parameterization},
  author =	 {Marcolli, C and Peter, Th},
  journal =	 {Atmospheric Chemistry and Physics},
  volume =	 5,
  number =	 6,
  pages =	 {1545--1555},
  year =	 2005,
  publisher =	 {Copernicus GmbH}
}

@Article{McGraw2008,
  author =	 {R. McGraw and L. Leng and W. Zhu and N. Riemer and
                  M. West},
  title =	 {Aerosol dynamics using the quadrature method of
                  moments: {C}omparing several quadrature schemes with
                  particle-resolved simulation},
  journal =	 {J. Phys.: Conf. Ser.},
  year =	 2008,
  volume =	 125,
  pages =	 012020,
}

@article{Mena2017,
  title =	 {Plume-exit modeling to determine cloud condensation
                  nuclei activity of aerosols from residential biofuel
                  combustion},
  author =	 {Mena, Francisco and Bond, Tami C and Riemer, Nicole},
  journal =	 {Atmospheric Chemistry and Physics},
  volume =	 17,
  number =	 15,
  pages =	 {9399--9415},
  year =	 2017,
  publisher =	 {Copernicus GmbH}
}

@article{Mie1908,
  title =	 {Beitr{\"a}ge zur {O}ptik tr{\"u}ber {M}edien,
                  speziell kolloidaler {M}etall{\"o}sungen},
  author =	 {Mie, Gustav},
  journal =	 {Annalen der physik},
  volume =	 330,
  number =	 3,
  pages =	 {377--445},
  year =	 1908,
  publisher =	 {Wiley Online Library}
}

@article{Riemer2003,
  title =	 {Impact of the heterogeneous hydrolysis of N2O5 on
                  chemistry and nitrate aerosol formation in the lower
                  troposphere under photosmog conditions},
  author =	 {Riemer, N and Vogel, H and Vogel, B and Schell, B
                  and Ackermann, I and Kessler, Ch and Hass, H},
  journal =	 {Journal of Geophysical Research: Atmospheres},
  volume =	 108,
  number =	 {D4},
  year =	 2003,
  publisher =	 {Wiley Online Library}
}

@Article{Riemer2009a,
  author =	 {N. Riemer and M. West and R.A. Zaveri and
                  R.C. Easter},
  title =	 {Simulating the evolution of soot mixing state with a
                  particle-resolved aerosol model},
  journal =	 {J. Geophys. Res.},
  year =	 2009,
  volume =	 114,
  pages =	 {D09202}
}

@Article{Riemer2009b,
  author =	 {N. Riemer and H. Vogel and B. Vogel and T. Anttila
                  and A. Kiendler-Scharr and Th.F. Mentel},
  title =	 {The relative importance of organic coatings for the
                  heterogeneous hydrolysis of $\rm {N_2O_5}$},
  journal =	 {J. Geophys. Res.},
  year =	 2009,
  volume =	 114,
  pages =	 {D17307},
  doi =		 {10.1029/2008JD011369}
}

@Article{Riemer2010,
  author =	 {N. Riemer and M. West and R.A. Zaveri and
                  R.C. Easter},
  title =	 {Estimating black carbon aging time-scales with a
                  particle-resolved aerosol model },
  journal =	 {J. Aerosol Sci.},
  year =	 2010,
  volume =	 41,
  pages =	 143
}

@Article{Schell2001,
  author =	 {B. Schell and I. J. Ackermann and F. S. Binkowski
                  and A. Ebel},
  title =	 {Modeling the formation of secondary organic aerosol
                  within a comprehensive air quality model system},
  journal =	 {J. Geophys. Res.},
  volume =	 106,
  pages =	 {28275--28293},
  year =	 2001,
}

@article{Spracklen2005,
  title =	 {A global off-line model of size-resolved aerosol
                  microphysics: {I}. {Model} development and
                  prediction of aerosol properties},
  author =	 {Spracklen, DV and Pringle, KJ and Carslaw, KS and
                  Chipperfield, MP and Mann, GW},
  journal =	 {Atmospheric Chemistry and Physics},
  volume =	 5,
  number =	 8,
  pages =	 {2227--2252},
  year =	 2005
}

@article{Stier2005,
  title =	 {The aerosol-climate model {ECHAM5-HAM}},
  author =	 {Stier, P and Feichter, J and Kinne, S and Kloster, S
                  and Vignati, E and Wilson, J and Ganzeveld, L and
                  Tegen, I and Werner, Martin and Balkanski, Y and
                  others},
  journal =	 {Atmos. Chem. Phys.},
  volume =	 5,
  number =	 4,
  pages =	 {1125--1156},
  year =	 2005,
  publisher =	 {Copernicus GmbH}
}

@article{Tian2014,
  title =	 {Modeling the evolution of aerosol particles in a
                  ship plume using {PartMC-MOSAIC}},
  author =	 {Tian, J and Riemer, N and West, M and Pfaffenberger,
                  L and Schlager, H and Petzold, A},
  journal =	 {Atmos. Chem. Phys.},
  volume =	 14,
  pages =	 {5327--5347},
  year =	 2014,
  publisher =	 {Copernicus GmbH}
}

@Article{Zaveri1999,
  author =	 {R. A. Zaveri and L. K. Peters},
  title =	 {A new lumped structure photochemical mechanism for
                  large-scale applications},
  journal =	 {J. Geophys. Res.},
  year =	 1999,
  volume =	 104,
  pages =	 {30387-30415},
}

@Article{Zaveri2005a,
  author =	 {R. A. Zaveri and R. C. Easter and A. S. Wexler},
  title =	 {A new method for multicomponent activity
                  coefficients of electrolytes in aqueous atmospheric
                  aerosols},
  journal =	 {J. Geophys. Res.},
  year =	 2005,
  volume =	 110,
  pages =	 {D02210},
  note =	 {doe:10.1029/2004JD004681},
}

@Article{Zaveri2005b,
  author =	 {R. A. Zaveri and R. C. Easter and L. K. Peters},
  title =	 {A computationally efficient multicomponent
                  equilibrium solver for aerosols ({MESA})},
  journal =	 {J. Geophys. Res.},
  year =	 2005,
  volume =	 110,
  pages =	 {D24203},
}

@Article{Zaveri2008,
  author =	 {R. A. Zaveri and R. C. Easter and J. D. Fast and
                  L. K. Peters},
  title =	 {Model for simulating aerosol interactions and
                  chemistry ({MOSAIC})},
  journal =	 {J. Geophys. Res.},
  year =	 2008,
  volume =	 113,
  pages =	 {D13204},
}

@Article{Zaveri2010,
  author =	 {R.A. Zaveri and J.C. Barnard and R.C. Easter and
                  N. Riemer and M. West},
  title =	 {Effect of aerosol mixing-state on optical and cloud
                  activation properties},
  journal =	 {J. Geophys. Res.},
  year =	 2010,
  volume =	 115,
  pages =	 {D17210}
}

@article{bertram2011,
  title =	 {Predicting the relative humidities of liquid-liquid
                  phase separation, efflorescence, and deliquescence
                  of mixed particles of ammonium sulfate, organic
                  material, and water using the organic-to-sulfate
                  mass ratio of the particle and the oxygen-to-carbon
                  elemental ratio of the organic component},
  author =	 {Bertram, AK and Martin, ST and Hanna, SJ and Smith,
                  ML and Bodsworth, A and Chen, Q and Kuwata, M and
                  Liu, A and You, Y and Zorn, SR},
  journal =	 {Atmospheric Chemistry and Physics},
  volume =	 11,
  number =	 21,
  pages =	 {10995--11006},
  year =	 2011,
  publisher =	 {Copernicus GmbH}
}

@article{chen2018,
  title =	 {Single Parameter for Predicting the Morphology of
                  Atmospheric Black Carbon},
  author =	 {Chen, Chao and Enekwizu, Ogochukwu Y and Fan,
                  Xiaolong and Dobrzanski, Christopher D and Ivanova,
                  Ella V and Ma, Yan and Gor, Gennady Y and Khalizov,
                  Alexei F},
  journal =	 {Environmental science \& technology},
  volume =	 52,
  number =	 24,
  pages =	 {14169--14179},
  year =	 2018,
  publisher =	 {ACS Publications}
}

@article{ching2016,
  title =	 {A three-dimensional sectional representation of
                  aerosol mixing state for simulating optical
                  properties and cloud condensation nuclei},
  author =	 {Ching, Joseph and Zaveri, Rahul A and Easter,
                  Richard C and Riemer, Nicole and Fast, Jerome D},
  journal =	 {Journal of Geophysical Research: Atmospheres},
  volume =	 121,
  number =	 10,
  pages =	 {5912--5929},
  year =	 2016,
  publisher =	 {Wiley Online Library}
}

@article{freedman2017,
  title =	 {Phase separation in organic aerosol},
  author =	 {Freedman, Miriam Arak},
  journal =	 {Chemical Society Reviews},
  volume =	 46,
  number =	 24,
  pages =	 {7694--7705},
  year =	 2017,
  publisher =	 {Royal Society of Chemistry}
}

@article{mu2017,
  title =	 {Regional modelling of polycyclic aromatic
                  hydrocarbons: WRF-Chem-PAH model development and
                  East Asia case studies},
  author =	 {Mu, Qing and Lammel, Gerhard and Gencarelli,
                  Christian N and Hedgecock, Ian M and Chen, Ying and
                  P{\v{r}}ibylov{\'a}, Petra and Teich, Monique and
                  Zhang, Yuxuan and Zheng, Guangjie and van Pinxteren,
                  Dominik and others},
  journal =	 {Atmospheric Chemistry and Physics},
  volume =	 17,
  number =	 19,
  pages =	 12253,
  year =	 2017,
  publisher =	 {Copernicus GmbH}
}

@article{mu2018,
  title =	 {Temperature effect on phase state and reactivity
                  controls atmospheric multiphase chemistry and
                  transport of PAHs},
  author =	 {Mu, Qing and Shiraiwa, Manabu and Octaviani, Mega
                  and Ma, Nan and Ding, Aijun and Su, Hang and Lammel,
                  Gerhard and P{\"o}schl, Ulrich and Cheng, Yafang},
  journal =	 {Science advances},
  volume =	 4,
  number =	 3,
  pages =	 {eaap7314},
  year =	 2018,
  publisher =	 {American Association for the Advancement of Science}
}

@article{shiraiwa2011,
  title =	 {Gas uptake and chemical aging of semisolid organic
                  aerosol particles},
  author =	 {Shiraiwa, Manabu and Ammann, Markus and Koop, Thomas
                  and P{\"o}schl, Ulrich},
  journal =	 {Proceedings of the National Academy of Sciences},
  volume =	 108,
  number =	 27,
  pages =	 {11003--11008},
  year =	 2011,
  publisher =	 {National Acad Sciences}
}

@article{shrivastava2017,
  title =	 {Global long-range transport and lung cancer risk
                  from polycyclic aromatic hydrocarbons shielded by
                  coatings of organic aerosol},
  author =	 {Shrivastava, Manish and Lou, Sijia and Zelenyuk,
                  Alla and Easter, Richard C and Corley, Richard A and
                  Thrall, Brian D and Rasch, Philip J and Fast, Jerome
                  D and Simonich, Staci L Massey and Shen, Huizhong
                  and others},
  journal =	 {Proceedings of the National Academy of Sciences},
  volume =	 114,
  number =	 6,
  pages =	 {1246--1251},
  year =	 2017,
  publisher =	 {National Acad Sciences}
}

@article{silvern2017,
  title =	 {Inconsistency of ammonium-sulfate aerosol ratios
                  with thermodynamic models in the eastern US: a
                  possible role of organic aerosol},
  author =	 {Silvern, Rachel F and Jacob, Daniel J and Kim,
                  Patrick S and Marais, Eloise A and Turner, Jay R and
                  Campuzano-Jost, Pedro and Jimenez, Jose L},
  journal =	 {Atmospheric Chemistry and Physics},
  volume =	 17,
  number =	 8,
  year =	 2017
}

@article{topping2013,
  title =	 {Including phase separation in a unified model to
                  calculate partitioning of vapours to mixed
                  inorganic--organic aerosol particles},
  author =	 {Topping, David and Barley, Mark and McFiggans,
                  Gordon},
  journal =	 {Faraday discussions},
  volume =	 165,
  pages =	 {273--288},
  year =	 2013,
  publisher =	 {Royal Society of Chemistry}
}

@article{willis2018,
  title =	 {Processes controlling the composition and abundance
                  of Arctic aerosol},
  author =	 {Willis, Megan D and Leaitch, W Richard and Abbatt,
                  Jonathan PD},
  journal =	 {Reviews of Geophysics},
  volume =	 56,
  number =	 4,
  pages =	 {621--671},
  year =	 2018,
  publisher =	 {Wiley Online Library}
}
